%
% BIBLIOGRAPHY
% ~~~~~~~~~~~~
% This is the bibliography section, formatted as BibTeX
%
@article{sparks2009enterprise,
  title={Enterprise architect user guide},
  author={Sparks, Geoffrey},
  year={2009},
  publisher={Citeseer}
}

@misc{RN76,
   year = {1984},
   type = {Generic}
}
@inproceedings{favre2004towards,
title={Towards a basic theory to model model driven engineering},
author={Favre, Jean-Marie},
booktitle={3rd Workshop in Software Model Engineering, WiSME},
pages={262--271},
year={2004}
}

@misc{fox-brewster_2016,
	title={Forbes Welcome},
	url={https://www.forbes.com/sites/thomasbrewster/2016/02/17/samsung-smartthings-vulnerabilities/#7e42b55d7d09},
	journal={Forbes.com},
	author={Fox-Brewster, Thomas},
	year={2016}
}
@inproceedings{favre2003meta,
  title={Meta-model and model co-evolution within the 3D software space},
  author={Favre, Jean-Marie},
  booktitle={ELISA: Workshop on Evolution of Large-scale Industrial Software Applications},
  pages={98--109},
  year={2003}
}
@incollection{bronner2009development,
  title={Development of an Integrated Sociological Modeling Framework (ISMF) to Model Social Systems},
  author={Bronner, LeeRoy and Olubando, Babatunde},
  booktitle={Social Computing and Behavioral Modeling},
  pages={1--11},
  year={2009},
  publisher={Springer}
}

@techreport{zillner2015white,
	title={White paper: ZigBee Exploited--The good, the bad and the ugly},
	author={Zillner, Tobias},
	year={2015},
	institution={Technical report, Cognosec}
}
@article{demiris2008findings,
	title={Findings from a participatory evaluation of a smart home application for older adults},
	author={Demiris, George and Oliver, Debra Parker and Dickey, Geraldine and Skubic, Marjorie and Rantz, Marilyn},
	journal={Technology and health care},
	volume={16},
	number={2},
	pages={111--118},
	year={2008},
	publisher={IOS Press}
}
@inproceedings{groppe2005profile,
	title={Profile management technology for smart customizations in private home applications},
	author={Groppe, Jinghua and Mueller, Wolfgang},
	booktitle={Database and Expert Systems Applications, 2005. Proceedings. Sixteenth International Workshop on},
	pages={226--230},
	year={2005},
	organization={IEEE}
}
@article{baker2005model,
	title={Model-Driven engineering in a large industrial context—motorola case study},
	author={Baker, Paul and Loh, Shiou and Weil, Frank},
	journal={Model Driven Engineering Languages and Systems},
	pages={476--491},
	year={2005},
	publisher={Springer}
}
@article{mens2006taxonomy,
	title={A taxonomy of model transformation},
	author={Mens, Tom and Van Gorp, Pieter},
	journal={Electronic Notes in Theoretical Computer Science},
	volume={152},
	pages={125--142},
	year={2006},
	publisher={Elsevier}
}

@article{biehl2010literature,
	title={Literature study on model transformations},
	author={Biehl, Matthias},
	journal={Royal Institute of Technology, Tech. Rep. ISRN/KTH/MMK},
	pages={291},
	year={2010}
}

@article{erata2015d3,
	title={D3. 1.1 Review of Model-to-Model Transformation Approaches and Technologies},
	author={Erata, Ferhat and Challenger, Moharram and Kardas, Geylani},
	journal={Text \& Model-Synchronized Document Engineering Platform},
	pages={70--85},
	year={2015}
}
@article{Ayav,
   author = {Ayav, Tolga and Sözer, Hasan},
   title = {Identifying critical architectural components with spectral analysis of fault trees},
   journal = {Applied Soft Computing},
   volume = {49},
   pages = {1270-1282},
   ISSN = {1568-4946},
   DOI = {http://dx.doi.org/10.1016/j.asoc.2016.06.042},
   url = {http://www.sciencedirect.com/science/article/pii/S1568494616303222},
   year = {2016},
   type = {Journal Article}
}
@article{112,
	title={What is a systematic literature review and how do I do one},
	author={Siddaway, Andy},
	journal={University of Stirling},
	number={I},
	pages={1},
	year={2014}
}
@article{haroutiunian2013neuropathic,
	title={The neuropathic component in persistent postsurgical pain: a systematic literature review},
	author={Haroutiunian, Simon and Nikolajsen, Lone and Finnerup, Nanna Brix and Jensen, Troels Staehelin},
	journal={PAIN{\textregistered}},
	volume={154},
	number={1},
	pages={95--102},
	year={2013},
	publisher={Elsevier}
}

@INPROCEEDINGS{7883725, 
author={H. Hwang and Y. B. Park}, 
booktitle={2017 International Conference on Platform Technology and Service (PlatCon)}, 
title={Safety - Critical Software Quality Improvement Using Requirement Analysis}, 
year={2017}, 
pages={1-4}, 
keywords={Unified Modeling Language;formal specification;formal verification;safety-critical software;software quality;systems analysis;UML diagram;black box view;requirement analysis;safety-critical software quality improvement;white box view;Analytical models;Computational modeling;Context;Safety;Software;Testing;Unified modeling language}, 
doi={10.1109/PlatCon.2017.7883725}, 
month={Feb},}

@article{gravino2015source,
  title={Source-code comprehension tasks supported by UML design models: results from a controlled experiment and a differentiated replication},
  author={Gravino, Carmine and Scanniello, Giuseppe and Tortora, Genoveffa},
  journal={Journal of Visual Languages \& Computing},
  volume={28},
  pages={23--38},
  year={2015},
  publisher={Elsevier}
}
@article{miller2000interoperability,
  title={Interoperability: What is it and why should I want it?},
  author={Miller, Paul},
  journal={Ariadne},
  number={24},
  year={2000}
}
@article{ritter2007service,
  title={Service-Oriented Computing ICSOC 2006},
  author={Ritter, Dimitrios Georgakopoulos Norbert and Zirpins, Boualem Benatallah Christian and Schoenherr, George Feuerlicht Marten and Motahari-Nezhad, Hamid R},
  year={2007},
  publisher={Springer}
}

@article{Bashir,
   author = {Bashir, Raja Sehrab and Lee, Sai Peck and Khan, Saif Ur Rehman and Chang, Victor and Farid, Shahid},
   title = {UML models consistency management: Guidelines for software quality manager},
   journal = {International Journal of Information Management},
   volume = {36},
   number = {Part A},
   pages = {883-899},
   ISSN = {0268-4012},
   DOI = {10.1016/j.ijinfomgt.2016.05.024},
   url = {http://ezproxy.aut.ac.nz/login?url=http://search.ebscohost.com/login.aspx?direct=true&db=edselp&AN=S0268401216303425&site=eds-live},
   year = {2016},
   type = {Journal Article}
}

@book{Bass,
   author = {Bass, Len and Clements, Paul and Kazman, Rick},
   title = {Software architecture in practice},
   publisher = {Upper Saddle River, NJ : Addison-Wesley, [2013]
Third edition.},
   series = {SEI series in software engineering},
   ISBN = {0321815734
9780321815736},
   url = {http://ezproxy.aut.ac.nz/login?url=http://search.ebscohost.com/login.aspx?direct=true&db=cat05020a&AN=aut.b18728923&site=eds-live},
   year = {2013},
   type = {Book}
}

@article{bonfe2013design,
  title={Design patterns for model-based automation software design and implementation},
  author={Bonf{\`e}, Marcello and Fantuzzi, Cesare and Secchi, Cristian},
  journal={Control Engineering Practice},
  volume={21},
  number={11},
  pages={1608--1619},
  year={2013},
  publisher={Elsevier}
}

@article{Bonino,
   author = {Bonino, Dario and Corno, Fulvio},
   title = {Rule-based intelligence for domotic environments},
   journal = {Automation in Construction},
   volume = {19},
   number = {2},
   pages = {183-196},
   ISSN = {0926-5805},
   DOI = {http://dx.doi.org/10.1016/j.autcon.2009.10.008},
   url = {http://www.sciencedirect.com/science/article/pii/S0926580509001599},
   year = {2010},
   type = {Journal Article}
}

@article{Briand,
   author = {Briand, Lionel C. and Labiche, Yvan and Yue, Tao},
   title = {Automated traceability analysis for UML model refinements},
   journal = {Information and Software Technology},
   volume = {51},
   number = {2},
   pages = {512-527},
   ISSN = {0950-5849},
   DOI = {http://dx.doi.org/10.1016/j.infsof.2008.06.002},
   url = {http://www.sciencedirect.com/science/article/pii/S0950584908000943},
   year = {2009},
   type = {Journal Article}
}


@article{Capitanelli,
   author = {Capitanelli, Andrea and Papetti, Alessandra and Peruzzini, Margherita and Germani, Michele},
   title = {A Smart Home Information Management Model for Device Interoperability Simulation},
   journal = {Procedia CIRP},
   volume = {21},
   pages = {64-69},
   ISSN = {2212-8271},
   DOI = {http://dx.doi.org/10.1016/j.procir.2014.03.150},
   url = {http://www.sciencedirect.com/science/article/pii/S2212827114006921},
   year = {2014},
   type = {Journal Article}
}

@article{Chen,
   author = {Chen, M. and Wan, J. and Li, F.},
   title = {Machine-to-machine communications: Architectures, standards and applications},
   journal = {KSII Transactions on Internet and Information Systems},
   volume = {6},
   number = {2},
   pages = {480-497},
   DOI = {10.3837/tiis.2012.02.002},
   url = {https://www.scopus.com/inward/record.uri?eid=2-s2.0-84861022395&doi=10.3837%2ftiis.2012.02.002&partnerID=40&md5=3cd197d1ba7f8016eebd988a9875204f},
   year = {2012},
   type = {Journal Article}
}


@article{Deng,
   author = {Deng, Lin and Offutt, Jeff and Ammann, Paul and Mirzaei, Nariman},
   title = {Mutation operators for testing Android apps},
   journal = {Information and Software Technology},
   volume = {81},
   pages = {154-168},
   ISSN = {0950-5849},
   DOI = {10.1016/j.infsof.2016.04.012},
   url = {http://ezproxy.aut.ac.nz/login?url=http://search.ebscohost.com/login.aspx?direct=true&db=edselp&AN=S0950584916300684&site=eds-live},
   year = {2017},
   type = {Journal Article}
}

@article{Dix,
   author = {Dix, Alan},
   title = {Human–computer interaction, foundations and new paradigms},
   journal = {Journal of Visual Languages & Computing},
   ISSN = {1045-926X},
   DOI = {http://dx.doi.org/10.1016/j.jvlc.2016.04.001},
   url = {http://www.sciencedirect.com/science/article/pii/S1045926X16300088},
   type = {Journal Article}
}

@article{Dobre,
   author = {Dobre, C. and Xhafa, F.},
   title = {Intelligent services for Big Data science},
   journal = {Future Generation Computer Systems},
   volume = {37},
   pages = {267-281},
   ISSN = {0167-739X},
   DOI = {http://dx.doi.org/10.1016/j.future.2013.07.014},
   url = {http://www.sciencedirect.com/science/article/pii/S0167739X13001593},
   year = {2014},
   type = {Journal Article}
}


@article{Domı´nguez,
   author = {Domı´nguez, Eladio and Pérez, Beatriz and Rubio, Ángel L. and Zapata, Marı´a A.},
   title = {A systematic review of code generation proposals from state machine specifications},
   journal = {Information and Software Technology},
   volume = {54},
   number = {10},
   pages = {1045-1066},
   ISSN = {0950-5849},
   DOI = {http://dx.doi.org/10.1016/j.infsof.2012.04.008},
   url = {http://www.sciencedirect.com/science/article/pii/S0950584912000924},
   year = {2012},
   type = {Journal Article}
}

@article{Fernández-Sáez,
   author = {Fernández-Sáez, Ana M. and Genero, Marcela and Chaudron, Michel R. V. and Caivano, Danilo and Ramos, Isabel},
   title = {Are Forward Designed or Reverse-Engineered UML diagrams more helpful for code maintenance?: A family of experiments},
   journal = {Information and Software Technology},
   volume = {57},
   pages = {644-663},
   ISSN = {0950-5849},
   DOI = {http://dx.doi.org/10.1016/j.infsof.2014.05.014},
   url = {http://www.sciencedirect.com/science/article/pii/S0950584914001311},
   year = {2015},
   type = {Journal Article}
}
@techreport{klein2015model,
  title={Model-driven engineering: Automatic code generation and beyond},
  author={Klein, John and Levinson, Harry and Marchetti, Jay},
  year={2015},
  institution={Technical report, Software Engineering Institute at Carnegie Mellon University, The address of the publisher, 3 2015}
}

@article{Fischer,
   author = {Fischer, Andreas and Greiff, Samuel and Funke, Joachim},
   title = {The process of solving complex problems},
   year = {2012},
   type = {Journal Article}
}

@book{edselc.2-52.0-7995920337620110101,
Address = {Institute of Software Engineering and Compiler Construction, Ulm University},
Author = {Gessenharter, D. and Rauscher, M.},
ISBN = {9783642214691},
Series = {Lecture Notes in Computer Science},
Title = {Code generation for UML 2 activity diagrams: Towards a comprehensive model-driven development approach.},
Volume = {6698 LNCS},
URL = {http://ezproxy.aut.ac.nz/login?url=http://search.ebscohost.com/login.aspx?direct=true&db=edselc&AN=edselc.2-52.0-79959203376&site=eds-live},
Year = {2011},
}
@book{gronback2009eclipse,
  title={Eclipse modeling project: a domain-specific language (DSL) toolkit},
  author={Gronback, Richard C},
  year={2009},
  publisher={Pearson Education}
}

@book{assmann2005model,
  title={Model Driven Architecture: European MDA Workshops: Foundations and Applications, MDAFA 2003 and MDAFA 2004, Twente, The Netherlands, June 26-27, 2003, and Link{\"o}ping, Sweden, June 10-11, 2004, Revised Selected Papers},
  author={A{\ss}mann, Uwe and Aksit, Mehmet and Rensink, Arend},
  volume={3599},
  year={2005},
  publisher={Springer}
}

@misc{andrews2003business,
  title={Business process execution language for web services},
  author={Andrews, Tony and Curbera, Francisco and Dholakia, Hitesh and Goland, Yaron and Klein, Johannes and Leymann, Frank and Liu, Kevin and Roller, Dieter and Smith, Doug and Thatte, Satish and others},
  year={2003},
  publisher={version}
}

@techreport{sap2007standardized,
  title={Standardized Technical Architecture Modeling: Conceptual and Design Level. Version 1.0},
  author={SAP, AG},
  year={2007},
  institution={Retrieved 2010-08-10 from http://www. fmc-modeling. org/download/fmc-and-tam/SAP-TAM\_Standard. pdf}
}

@book{aut.b1943781x20160101,
Author = {Wąsowski, Andrzej and Lönn, Henrik},
ISBN = {3319420615},
Publisher = {Switzerland : Springer, 2016.},
Series = {Lecture notes in computer science: 9764},
Title = {Modelling foundations and applications : 12th European Conference, ECMFA 2016, held as part of STAF 2016, Vienna, Austria, July 6-7, 2016, Proceedings.},
URL = {http://ezproxy.aut.ac.nz/login?url=http://search.ebscohost.com/login.aspx?direct=true&db=cat05020a&AN=aut.b1943781x&site=eds-live},
Year = {2016},
}
@misc{architectural2017,
url={https://www.mitre.org/publications/systems-engineering-guide/se-lifecycle-building-blocks/system-architecture/architectural-frameworks-models-and-views},
journal={The MITRE Corporation},
year={2017}
}

@article{Fittkau,
   author = {Fittkau, Florian and Krause, Alexander and Hasselbring, Wilhelm},
   title = {Software landscape and application visualization for system comprehension with ExplorViz},
   journal = {Information and Software Technology},
   ISSN = {0950-5849},
   DOI = {10.1016/j.infsof.2016.07.004},
   url = {http://ezproxy.aut.ac.nz/login?url=http://search.ebscohost.com/login.aspx?direct=true&db=edselp&AN=S0950584916301185&site=eds-live},
   year = {2016},
   type = {Journal Article}
}

@article{Gay,
   author = {Gay, Valerie and Leijdekkers, Peter},
   title = {Bringing health and fitness data together for connected health care: mobile apps as enablers of interoperability},
   journal = {Journal of medical Internet research},
   volume = {17},
   number = {11},
   pages = {e260},
   year = {2015},
   type = {Journal Article}
}
@article{pesante2003software,
	title={Software engineering institute (SEI)},
	author={Pesante, Linda Hutz},
	year={2003},
	publisher={John Wiley and Sons Ltd.}
}
@article{Gorschek,
   author = {c, Hussein and Miah, Shah Jahan and McAndrew, Alasdair},
   title = {A design science research methodology for developing a computer-aided assessment approach using method marking concept},
   journal = {Education and Information Technologies},
   volume = {21},
   number = {6},
   pages = {1769-1784},
   ISSN = {1360-2357},
   year = {2016},
   type = {Journal Article}
}
@misc{uml_2017,
url={http://www.sparxsystems.com/uml-tutorial.html},
journal={Sparxsystems.com},
year={2017}
}

@article{schmidt2006model,
  title={Model-driven engineering},
  author={Schmidt, Douglas C},
  journal={COMPUTER-IEEE COMPUTER SOCIETY-},
  volume={39},
  number={2},
  pages={25},
  year={2006},
  publisher={IEEE INSTITUTE OF ELECTRICAL AND ELECTRONICS}
}

@article{gorschek2014use,
  title={On the use of software design models in software development practice: An empirical investigation},
  author={Gorschek, Tony and Tempero, Ewan and Angelis, Lefteris},
  journal={Journal of Systems and Software},
  volume={95},
  pages={176--193},
  year={2014},
  publisher={Elsevier}
}

@article{Gu,
   author = {Gu, Huanying and Elhanan, Gai and Perl, Yehoshua and Hripcsak, George and Cimino, James J. and Xu, Julia and Chen, Yan and Geller, James and Paul Morrey, C.},
   title = {A study of terminology auditors’ performance for UMLS semantic type assignments},
   journal = {Journal of Biomedical Informatics},
   volume = {45},
   number = {6},
   pages = {1042-1048},
   ISSN = {1532-0464},
   DOI = {http://dx.doi.org/10.1016/j.jbi.2012.05.006},
   url = {http://www.sciencedirect.com/science/article/pii/S1532046412000901},
   year = {2012},
   type = {Journal Article}
}

@article{Hafidh,
   author = {Hafidh, B. and Osman, H. Al and Arteaga-Falconi, J. S. and Dong, H. and Saddik, A. El},
   title = {SITE: The Simple Internet of Things Enabler for Smart Homes},
   journal = {IEEE Access},
   volume = {5},
   pages = {2034-2049},
   ISSN = {2169-3536},
   DOI = {10.1109/ACCESS.2017.2653079},
   year = {2017},
   type = {Journal Article}
}

@article{Hoffman,
   author = {Hoffman, R. R. and Roesler, A. and Moon, B. M.},
   title = {What is design in the context of human-centered computing?},
   journal = {IEEE Intelligent Systems},
   volume = {19},
   number = {4},
   pages = {89-95},
   ISSN = {1541-1672},
   DOI = {10.1109/MIS.2004.36},
   year = {2004},
   type = {Journal Article}
}



@article{Järvinen,
   author = {Järvinen, Pertti},
   title = {Action research is similar to design science},
   journal = {Quality & Quantity},
   volume = {41},
   number = {1},
   pages = {37-54},
   ISSN = {0033-5177},
   year = {2007},
   type = {Journal Article}
}

@article{Jick,
   author = {Jick, Todd D},
   title = {Mixing qualitative and quantitative methods: Triangulation in action},
   journal = {Administrative science quarterly},
   volume = {24},
   number = {4},
   pages = {602-611},
   ISSN = {0001-8392},
   year = {1979},
   type = {Journal Article}
}

@article{Johnson,
   author = {Johnson, R Burke and Onwuegbuzie, Anthony J},
   title = {Mixed methods research: A research paradigm whose time has come},
   journal = {Educational researcher},
   volume = {33},
   number = {7},
   pages = {14-26},
   ISSN = {0013-189X},
   year = {2004},
   type = {Journal Article}
}

@inbook{Jungclaus,
   author = {Jungclaus, Ralf and Wieringa, Roel J. and Hartel, Peter and Saake, Gunter and Hartmann, Thorsten},
   title = {Combining Troll with the Object Modeling Technique},
   booktitle = {Innovationen bei Rechen- und Kommunikationssystemen: Eine Herausforderung für die Informatik},
   editor = {Wolfinger, Bernd},
   publisher = {Springer Berlin Heidelberg},
   address = {Berlin, Heidelberg},
   pages = {35-42},
   ISBN = {978-3-642-51136-3},
   DOI = {10.1007/978-3-642-51136-3_5},
   url = {http://dx.doi.org/10.1007/978-3-642-51136-3_5},
   year = {1994},
   type = {Book Section}
}

@article{Kao,
   author = {Kao, Hao-Yun and Yu, Min-Chun and Masud, Mehedi and Wu, Wen-Hsiung and Chen, Li-Ju and Wu, Yen-Chun Jim},
   title = {Design and evaluation of hospital-based business intelligence system (HBIS): A foundation for design science research methodology},
   journal = {Computers in Human Behavior},
   volume = {62},
   pages = {495-505},
   ISSN = {0747-5632},
   DOI = {http://doi.org/10.1016/j.chb.2016.04.021},
   url = {http://www.sciencedirect.com/science/article/pii/S0747563216302965},
   year = {2016},
   type = {Journal Article}
}

@inproceedings{kim2012seamless,
  title={Seamless integration of heterogeneous devices and access control in smart homes},
  author={Kim, Ji Eun and Boulos, George and Yackovich, John and Barth, Tassilo and Beckel, Christian and Mosse, Daniel},
  booktitle={Intelligent Environments (IE), 2012 8th International Conference on},
  pages={206--213},
  year={2012},
  organization={IEEE}
}

@article{Lillis,
   author = {Lillis, Theresa},
   title = {Ethnography as method, methodology, and “Deep Theorizing” closing the gap between text and context in academic writing research},
   journal = {Written communication},
   volume = {25},
   number = {3},
   pages = {353-388},
   ISSN = {0741-0883},
   year = {2008},
   type = {Journal Article}
}

@inproceedings{Loomis,
   author = {Loomis, Mary ES and Shah, Ashwin V and Rumbaugh, James E},
   title = {An object modeling technique for conceptual design},
   booktitle = {European Conference on Object-Oriented Programming},
   publisher = {Springer},
   pages = {192-202},
   type = {Conference Proceedings}
}

@article{March,
   author = {March, Salvatore T. and Smith, Gerald F.},
   title = {Design and natural science research on information technology},
   journal = {Decision Support Systems},
   volume = {15},
   number = {4},
   pages = {251-266},
   ISSN = {0167-9236},
   DOI = {http://dx.doi.org/10.1016/0167-9236(94)00041-2},
   url = {http://www.sciencedirect.com/science/article/pii/0167923694000412},
   year = {1995},
   type = {Journal Article}
}

@inbook{Mohagheghi,
   author = {Mohagheghi, Parastoo and Dehlen, Vegard},
   title = {Where Is the Proof? - A Review of Experiences from Applying MDE in Industry},
   booktitle = {Model Driven Architecture – Foundations and Applications: 4th European Conference, ECMDA-FA 2008, Berlin, Germany, June 9-13, 2008. Proceedings},
   editor = {Schieferdecker, Ina and Hartman, Alan},
   publisher = {Springer Berlin Heidelberg},
   address = {Berlin, Heidelberg},
   pages = {432-443},
   ISBN = {978-3-540-69100-6},
   DOI = {10.1007/978-3-540-69100-6_31},
   url = {http://dx.doi.org/10.1007/978-3-540-69100-6_31},
   year = {2008},
   type = {Book Section}
}

@article{mohagheghi2013empirical,
  title={An empirical study of the state of the practice and acceptance of model-driven engineering in four industrial cases},
  author={Mohagheghi, Parastoo and Gilani, Wasif and Stefanescu, Alin and Fernandez, Miguel A},
  journal={Empirical Software Engineering},
  volume={18},
  number={1},
  pages={89--116},
  year={2013},
  publisher={Springer}
}

@article{fernandez2015forward,
  title={Are forward designed or reverse-engineered UML diagrams more helpful for code maintenance?: A family of experiments},
  author={Fernandez-Saez, Ana M and Genero, Marcela and Chaudron, Michel RV and Caivano, Danilo and Ramos, Isabel},
  journal={Information and Software Technology},
  volume={57},
  pages={644--663},
  year={2015},
  publisher={Elsevier}
}

@article{Moher,
   author = {Moher, David and Liberati, Alessandro and Tetzlaff, Jennifer and Altman, Douglas G and Group, Prisma},
   title = {Preferred reporting items for systematic reviews and meta-analyses: the PRISMA statement},
   journal = {PLoS med},
   volume = {6},
   number = {7},
   pages = {e1000097},
   ISSN = {1549-1676},
   year = {2009},
   type = {Journal Article}
}

@inproceedings{Monroe,
   author = {Monroe, R. T. and Garlan, D.},
   title = {Style-based reuse for software architectures},
   booktitle = {Proceedings of Fourth IEEE International Conference on Software Reuse},
   pages = {84-93},
   DOI = {10.1109/ICSR.1996.496116},
   type = {Conference Proceedings}
}

@article{Moral,
   author = {Moral, Cristian and De Antonio, Angelica and Ferre, Xavier},
   title = {A visual UML-based conceptual model of information-seeking by computer science researchers},
   journal = {Information Processing and Management},
   ISSN = {0306-4573},
   DOI = {10.1016/j.ipm.2016.10.005},
   url = {http://ezproxy.aut.ac.nz/login?url=http://search.ebscohost.com/login.aspx?direct=true&db=edselp&AN=S030645731630560X&site=eds-live},
   year = {2016},
   type = {Journal Article}
}

@article{Murthy,
   author = {Murthy, Uday S. and Wiggins Jr, Casper E.},
   title = {Object-Oriented Modeling Approaches for Designing Accounting Information Systems},
   journal = {Journal of Information Systems},
   volume = {7},
   number = {2},
   pages = {97-111},
   ISSN = {08887985},
   url = {http://ezproxy.aut.ac.nz/login?url=http://search.ebscohost.com/login.aspx?direct=true&db=bth&AN=9510253652&site=eds-live},
   year = {1993},
   type = {Journal Article}
}

@article{Myers,
   author = {Myers, Michael D},
   title = {Qualitative research in information systems},
   journal = {Management Information Systems Quarterly},
   volume = {21},
   number = {2},
   pages = {241-242},
   year = {1997},
   type = {Journal Article}
}

@Article{Li2012,
author="Li, Wu
and Lee, Yann-Hang
and Tsai, Wei-Tek
and Xu, Jingjing
and Son, Young-Sung
and Park, Jun-Hee
and Moon, Kyung-Duk",
title="Service-oriented smart home applications: composition, code generation, deployment, and execution",
journal="Service Oriented Computing and Applications",
year="2012",
volume="6",
number="1",
pages="65--79",
doi="10.1007/s11761-011-0086-7",
url="http://dx.doi.org/10.1007/s11761-011-0086-7"
}

@article{ni2015elderly,
  title={The elderly’s independent living in smart homes: A characterization of activities and sensing infrastructure survey to facilitate services development},
  author={Ni, Qin and Garc{\'\i}a Hernando, Ana Bel{\'e}n and de la Cruz, Iv{\'a}n Pau},
  journal={Sensors},
  volume={15},
  number={5},
  pages={11312--11362},
  year={2015},
  publisher={Multidisciplinary Digital Publishing Institute}
}

@misc{advantech2009mlc,
  title={MLC Flash Technologies and Structure},
  author={Advantech, Comparing SLC},
  year={2009},
  publisher={September}
}

@misc{hayes2006system,
  title={System and methods for home appliance identification and control in a networked environment},
  author={Hayes, Patrick H and Black, Jeremy},
  year={2006},
  month=dec # "~26",
  publisher={Google Patents},
  note={US Patent 7,155,305}
}

@book{Newell,
   author = {Newell, Allen and Simon, Herbert Alexander},
   title = {Human problem solving},
   publisher = {Prentice-hall Englewood Cliffs, NJ},
   volume = {104},
   year = {1972},
   type = {Book}
}

@book{Newman,
   author = {Newman, Isadore and Benz, Carolyn R},
   title = {Qualitative-quantitative research methodology: Exploring the interactive continuum},
   publisher = {SIU Press},
   ISBN = {0809321505},
   year = {1998},
   type = {Book}
}

@inproceedings{stephan2013survey,
  title={A Survey of Model Comparison Approaches and Applications.},
  author={Stephan, Matthew and Cordy, James R},
  booktitle={Modelsward},
  pages={265--277},
  year={2013}
}

@article{Parhizkar,
   author = {Parhizkar, Minou and Comuzzi, Marco},
   title = {Impact analysis of ERP post-implementation modifications: Design, tool support and evaluation},
   journal = {Computers in Industry},
   volume = {84},
   pages = {25-38},
   ISSN = {0166-3615},
   DOI = {http://dx.doi.org/10.1016/j.compind.2016.11.003},
   url = {http://www.sciencedirect.com/science/article/pii/S0166361516302548},
   year = {2017},
   type = {Journal Article}
}

@article{Peffers,
   author = {Peffers, K. E. N. and Tuunanen, Tuure and Rothenberger, Marcus A. and Chatterjee, Samir},
   title = {A Design Science Research Methodology for Information Systems Research},
   journal = {Journal of Management Information Systems},
   volume = {24},
   number = {3},
   pages = {45-77},
   ISSN = {07421222},
   url = {http://ezproxy.aut.ac.nz/login?url=http://search.ebscohost.com/login.aspx?direct=true&db=bth&AN=28843849&site=eds-live},
   year = {2007},
   type = {Journal Article}
}

@inproceedings{perumal2014proactive,
  title={Proactive architecture for Internet of Things (IoTs) management in smart homes},
  author={Perumal, Thinagaran and Sulaiman, Md Nasir and Mustapha, Norwati and Shahi, Ahmad and Thinaharan, R},
  booktitle={Consumer Electronics (GCCE), 2014 IEEE 3rd Global Conference on},
  pages={16--17},
  year={2014},
  organization={IEEE}
}

@article{Posadas,
   author = {Posadas, Héctor and Peñil, Pablo and Nicolás, Alejandro and Villar, Eugenio},
   title = {Automatic synthesis of communication and concurrency for exploring component-based system implementations considering UML channel semantics},
   journal = {Journal of Systems Architecture},
   volume = {61},
   number = {8},
   pages = {341-360},
   ISSN = {1383-7621},
   DOI = {http://dx.doi.org/10.1016/j.sysarc.2015.07.002},
   url = {http://www.sciencedirect.com/science/article/pii/S1383762115000624},
   year = {2015},
   type = {Journal Article}
}

@inproceedings{Ramesh,
   author = {Ramesh, S.},
   title = {Efficient translation of statecharts to hardware circuits},
   booktitle = {Proceedings Twelfth International Conference on VLSI Design. (Cat. No.PR00013)},
   pages = {384-389},
   ISBN = {1063-9667},
   DOI = {10.1109/ICVD.1999.745186},
   type = {Conference Proceedings}
}

@article{reyes2016strengths,
  title={The strengths and weaknesses of software architecture design in the RUP, MSF, MBASE and RUP-SOA methodologies: A conceptual review},
  author={Reyes-Delgado, Paola Y and Mora, Manuel and Duran-Limon, Hector A and Rodr{\'\i}guez-Mart{\'\i}nez, Laura C and O'Connor, Rory V and Mendoza-Gonzalez, Ricardo},
  journal={Computer Standards \& Interfaces},
  volume={47},
  pages={24--41},
  year={2016},
  publisher={Elsevier}
}

@article{jacobson2016use,
  title={Use-case 2.0},
  author={Jacobson, Ivar and Spence, Ian and Kerr, Brian},
  journal={Communications of the ACM},
  volume={59},
  number={5},
  pages={61--69},
  year={2016},
  publisher={ACM}
}
@article{domi2012systematic,
  title={A systematic review of code generation proposals from state machine specifications},
  author={Dom{\i}, Eladio and P{\'e}rez, Beatriz and Rubio, {\'A}ngel L and others},
  journal={Information and Software Technology},
  volume={54},
  number={10},
  pages={1045--1066},
  year={2012},
  publisher={Elsevier}
}

@article{stojkoska2017review,
  title={A review of Internet of Things for smart home: Challenges and solutions},
  author={Stojkoska, Biljana L Risteska and Trivodaliev, Kire V},
  journal={Journal of Cleaner Production},
  volume={140},
  pages={1454--1464},
  year={2017},
  publisher={Elsevier}
}

@article{ruiz2017security,
  title={Security knowledge representation artifacts for creating secure IT systems},
  author={Ruiz, Jose Fran and Arjona, Marcos and Ma{\~n}a, Antonio and Rudolph, Carsten},
  journal={Computers \& Security},
  volume={64},
  pages={69--91},
  year={2017},
  publisher={Elsevier}
}

@inproceedings{schneps2012wired,
  title={Wired Smart Home: energy metering, security, and emergency issues},
  author={Schneps-Schneppe, Manfred and Maximenko, Anatoly and Namiot, Dmitry and Malov, Dmitry},
  booktitle={Ultra Modern Telecommunications and Control Systems and Workshops (ICUMT), 2012 4th International Congress on},
  pages={405--410},
  year={2012},
  organization={IEEE}
}

@inproceedings{seidl2015generative,
  title={Generative software product line development using variability-aware design patterns},
  author={Seidl, Christoph and Schuster, Sven and Schaefer, Ina},
  booktitle={ACM SIGPLAN Notices},
  volume={51},
  number={3},
  pages={151--160},
  year={2015},
  organization={ACM}
}
@inproceedings{sinha2017parametric,
  title={Parametric statecharts: designing flexible IoT apps: deploying android m-health apps in dynamic smart-homes},
  author={Sinha, Roopak and Narula, Ayush and Grundy, John},
  booktitle={Proceedings of the Australasian Computer Science Week Multiconference},
  pages={28},
  year={2017},
  organization={ACM}
}

@article{figl2016process,
  title={Process innovation as creative problem solving: An experimental study of textual descriptions and diagrams},
  author={Figl, Kathrin and Recker, Jan},
  journal={Information \& Management},
  volume={53},
  number={6},
  pages={767--786},
  year={2016},
  publisher={Elsevier}
}

@misc{RN5,
   pages = {1-8},
   DOI= {10.1145/3014812.3014841},
   year = {2017},
   type = {Conference Paper}
}

@misc{RN32,
   pages = {1-8},
   DOI= {10.1145/3014812.3014841},
   year = {2017},
   type = {Conference Paper}
}

@article{Smirek,
   author = {Smirek, Lukas and Zimmermann, Gottfried and Beigl, Michael},
   title = {Just a Smart Home or Your Smart Home – A Framework for Personalized User Interfaces Based on Eclipse Smart Home and Universal Remote Console},
   journal = {Procedia Computer Science},
   volume = {98},
   pages = {107-116},
   ISSN = {1877-0509},
   DOI = {http://dx.doi.org/10.1016/j.procs.2016.09.018},
   url = {http://www.sciencedirect.com/science/article/pii/S1877050916321391},
   year = {2016},
   type = {Journal Article}
}

@article{Vega-Barbas,
   author = {Vega-Barbas, Mario and Pau, Iván and Martín-Ruiz, María and Seoane, Fernando},
   title = {Adaptive Software Architecture Based on Confident HCI for the Deployment of Sensitive Services in Smart Homes},
   journal = {Sensors},
   volume = {15},
   number = {4},
   pages = {7294},
   ISSN = {1424-8220},
   url = {http://www.mdpi.com/1424-8220/15/4/7294},
   year = {2015},
   type = {Journal Article}
}

@article{Viswanathan,
   author = {Viswanathan, Sunitha Edacheril and Samuel, Philip},
   title = {Automatic code generation using unified modeling language activity and sequence models},
   journal = {IET Software},
   volume = {10},
   number = {6},
   pages = {164-172},
   ISSN = {17518806},
   DOI = {10.1049/iet-sen.2015.0138},
   url = {http://ezproxy.aut.ac.nz/login?url=http://search.ebscohost.com/login.aspx?direct=true&db=bth&AN=120026706&site=eds-live},
   year = {2016},
   type = {Journal Article}
}



@article{Xie,
   author = {Xie, Haibo and Liu, Jianbin and Hu, Liang and Yang, Huayong and Fu, Xin},
   title = {Design of pilot-assisted load control valve for proportional flow control and fast opening performance based on dynamics modeling},
   journal = {Sensors and Actuators A: Physical},
   volume = {235},
   pages = {95-104},
   ISSN = {0924-4247},
   DOI = {http://dx.doi.org/10.1016/j.sna.2015.09.042},
   url = {http://www.sciencedirect.com/science/article/pii/S092442471530159X},
   year = {2015},
   type = {Journal Article}
}

@article{Xu,
   author = {Xu, K. and Wang, X. and Wei, W. and Song, H. and Mao, B.},
   title = {Toward software defined smart home},
   journal = {IEEE Communications Magazine},
   volume = {54},
   number = {5},
   pages = {116-122},
   ISSN = {0163-6804},
   DOI = {10.1109/MCOM.2016.7470945},
   year = {2016},
   type = {Journal Article}
}

@article{Yates,
   author = {Yates, Jennifer and Leggett, Tricia},
   title = {Qualitative Research: An Introduction},
   journal = {Radiologic Technology},
   volume = {88},
   number = {2},
   pages = {225-231},
   ISSN = {0033-8397},
   url = {http://ezproxy.aut.ac.nz/login?url=http://search.ebscohost.com/login.aspx?direct=true&db=rzh&AN=119047675&site=eds-live},
   year = {2016},
   type = {Journal Article}
}

@misc{RN30,
   pages = {416},
   year = {1999},
   type = {Conference Paper}
}

@misc{modeling_2017,
url={https://msdn.microsoft.com/en-us/library/ms954611.aspx},
journal={Msdn.microsoft.com},
year={2017}
}

@ARTICLE{469759, 
	author={P. B.Kruchten}, 
	journal={IEEE Software}, 
	title={The 4+1 View Model of architecture}, 
	year={1995}, 
	volume={12}, 
	number={6}, 
	pages={42-50}, 
	ISSN={0740-7459}, 
	month={Nov},
}
	
@article{kruchten1995architectural,
	  title={Architectural Blueprints-The},
	  author={Kruchten, Philippe},
	  journal={4+ 1” View Model of Software Architecture},
	  pages={42--50},
	  year={1995}
}

@inproceedings{nuseibeh2000requirements,
	title={Requirements engineering: a roadmap},
	author={Nuseibeh, Bashar and Easterbrook, Steve},
	booktitle={Proceedings of the Conference on the Future of Software Engineering},
	pages={35--46},
	year={2000},
	organization={ACM}
}
@article{han2010smart,
	title={Smart home energy management system using IEEE 802.15. 4 and zigbee},
	author={Han, Dae-Man and Lim, Jae-Hyun},
	journal={IEEE Transactions on Consumer Electronics},
	volume={56},
	number={3},
	year={2010},
	publisher={IEEE}
}
@book{pohl2010requirements,
	title={Requirements engineering: fundamentals, principles, and techniques},
	author={Pohl, Klaus},
	year={2010},
	publisher={Springer Publishing Company, Incorporated}
} 
@INPROCEEDINGS{7815624, 
	author={C. He and G. Mussbacher}, 
	booktitle={2016 IEEE 24th International Requirements Engineering Conference Workshops (REW)}, 
	title={Model-Driven Engineering and Elicitation Techniques: A Systematic Literature Review}, 
	year={2016}, 
	volume={}, 
	number={}, 
	pages={180-189}, 
	ISSN={}, 
	month={Sept},}

@Inbook{Rainardi2008,
	title="Functional and Nonfunctional Requirements",
	bookTitle="Building a Data Warehouse: With Examples in SQL Server",
	year="2008",
	publisher="Apress",
	address="Berkeley, CA",
	pages="61--70",
	abstract="It is important to define functional and nonfunctional requirements when building a data warehouse system to make sure that the system we build will help users achieve the business objectives. Functional requirements define what the system does. They contain the features that the data warehouse system should have. Nonfunctional requirements guide and constrain the architecture.",
	isbn="978-1-4302-0528-9",
	doi="10.1007/978-1-4302-0528-9_4",
	url="https://doi.org/10.1007/978-1-4302-0528-9_4"
}

@Inbook{Chung2009,
	author="Chung, Lawrence
	and do Prado Leite, Julio Cesar Sampaio",
	editor="Borgida, Alexander T.
	and Chaudhri, Vinay K.
	and Giorgini, Paolo
	and Yu, Eric S.",
	title="On Non-Functional Requirements in Software Engineering",
	bookTitle="Conceptual Modeling: Foundations and Applications: Essays in Honor of John Mylopoulos",
	year="2009",
	publisher="Springer Berlin Heidelberg",
	address="Berlin, Heidelberg",
	pages="363--379",
	isbn="978-3-642-02463-4",
	doi="10.1007/978-3-642-02463-4_19",
	url="https://doi.org/10.1007/978-3-642-02463-4_19"
}

@article{rumbaugh1991object,
	title={Object-oriented modelling and design},
	author={Rumbaugh, James and Blaha, Michael and Premerlani, William and Eddy, Frederick and Lorenson, William},
	year={1991}
}
@article{mazon2007model,
	title={A model-driven goal-oriented requirement engineering approach for data warehouses},
	author={Maz{\'o}n, Jose-Norberto and Pardillo, Jes{\'u}s and Trujillo, Juan},
	journal={Advances in conceptual modeling--foundations and applications},
	pages={255--264},
	year={2007},
	publisher={Springer}
}

@article{berander2005requirements,
	title={Requirements prioritization},
	author={Berander, Patrik and Andrews, Anneliese},
	journal={Engineering and managing software requirements},
	volume={11},
	number={1},
	pages={79--101},
	year={2005},
	publisher={Springer}
}

@article{wiegers1999first,
	title={First things first: prioritizing requirements},
	author={Wiegers, Karl},
	journal={Software Development},
	volume={7},
	number={9},
	pages={48--53},
	year={1999},
	publisher={Prentice-Hall}
}
@Inbook{Yang2014,
	author="Yang, Zhuoqun
	and Li, Zhi
	and Jin, Zhi
	and Chen, Yunchuan",
	editor="Salinesi, Camille
	and van de Weerd, Inge",
	title="A Systematic Literature Review of Requirements Modeling and Analysis for Self-adaptive Systems",
	bookTitle="Requirements Engineering: Foundation for Software Quality: 20th International Working Conference, REFSQ 2014, Essen, Germany, April 7-10, 2014. Proceedings",
	year="2014",
	publisher="Springer International Publishing",
	address="Cham",
	pages="55--71",
	isbn="978-3-319-05843-6",
	doi="10.1007/978-3-319-05843-6_5",
	url="https://doi.org/10.1007/978-3-319-05843-6_5"
}

@article{soley2000model,
	title={Model driven architecture},
	author={Soley, Richard and others},
	journal={OMG white paper},
	volume={308},
	number={308},
	pages={5},
	year={2000}
}

@article{brown2004introduction,
	title={An Introduction to Model Driven Architecture-Part 1; MDA and Today's Systems},
	author={Brown, AW},
	journal={IBM DeveloperWorks, RationalEdge},
	year={2004}
}
@article{kruchten19954+,
	title={The 4+ 1 view model of architecture},
	author={Kruchten, Philippe B},
	journal={IEEE software},
	volume={12},
	number={6},
	pages={42--50},
	year={1995},
	publisher={IEEE}
}
@Inbook{Jouault2006,
	author="Jouault, Fr{\'e}d{\'e}ric
	and Kurtev, Ivan",
	editor="Bruel, Jean-Michel",
	title="Transforming Models with ATL",
	bookTitle="Satellite Events at the MoDELS 2005 Conference: MoDELS 2005 International Workshops Doctoral Symposium, Educators Symposium Montego Bay, Jamaica, October 2-7, 2005 Revised Selected Papers",
	year="2006",
	publisher="Springer Berlin Heidelberg",
	address="Berlin, Heidelberg",
	pages="128--138",
	isbn="978-3-540-31781-4",
	doi="10.1007/11663430_14",
	url="https://doi.org/10.1007/11663430_14"
}
@inproceedings{bezivin2001object,
	title={From Object Composition to Model Transformation with the MDA.},
	author={B{\'e}zivin, Jean},
	booktitle={TOOLS (39)},
	pages={350--354},
	year={2001}
}
@inproceedings{choi2002approach,
	title={An approach to software architecture evaluation with the 4+ 1 view model of architecture},
	author={Choi, Heeseok and Yeom, Keunhyuk},
	booktitle={Software Engineering Conference, 2002. Ninth Asia-Pacific},
	pages={286--293},
	year={2002},
	organization={IEEE}
}

@book{clements2002documenting,
	title={Documenting software architectures: views and beyond},
	author={Clements, Paul and Garlan, David and Bass, Len and Stafford, Judith and Nord, Robert and Ivers, James and Little, Reed},
	year={2002},
	publisher={Pearson Education}
}
@inproceedings{Bachmann:2001:IAD:381473.381623,
	author = {Bachmann, Felix and Bass, Len},
	title = {Introduction to the Attribute Driven Design Method},
	booktitle = {Proceedings of the 23rd International Conference on Software Engineering},
	series = {ICSE '01},
	year = {2001},
	isbn = {0-7695-1050-7},
	location = {Toronto, Ontario, Canada},
	pages = {745--746},
	numpages = {2},
	url = {http://dl.acm.org/citation.cfm?id=381473.381623},
	acmid = {381623},
	publisher = {IEEE Computer Society},
	address = {Washington, DC, USA},
	keywords = {software architecture, software architecture design, software design methods},
}
@article{KIM20091211,
	title = "Quality-driven architecture development using architectural tactics",
	journal = "Journal of Systems and Software",
	volume = "82",
	number = "8",
	pages = "1211 - 1231",
	year = "2009",
	note = "SI: Architectural Decisions and Rationale",
	issn = "0164-1212",
	doi = "https://doi.org/10.1016/j.jss.2009.03.102",
	url = "http://www.sciencedirect.com/science/article/pii/S0164121209000909",
	author = "Suntae Kim and Dae-Kyoo Kim and Lunjin Lu and Sooyong Park",
	keywords = "Architectural tactics, Feature composition, Feature modeling, Quality-driven, Role-based metamodeling language, Software architecture, UML"
}
@ARTICLE{1605178, 
	author={R. L. Nord and J. E. Tomayko}, 
	journal={IEEE Software}, 
	title={Software architecture-centric methods and agile development}, 
	year={2006}, 
	volume={23}, 
	number={2}, 
	pages={47-53}, 
	keywords={software architecture;software quality;agile software development;attribute-driven design;extreme programming framework;plan-driven approach;quality attribute workshop;software architecture-centric method;Computer architecture;Design engineering;Design methodology;Feedback;Process design;Programming;Prototypes;Risk analysis;Software architecture;Software engineering;Extreme Programming;XP;agile software development;architecture-centric methods;quality attributes;software architecture}, 
	doi={10.1109/MS.2006.54}, 
	ISSN={0740-7459}, 
	month={March},}

@article{barbacci2002quality,
	title={Quality attribute workshops},
	author={Barbacci, Mario R and Ellison, Robert J and Lattanze, Anthony and Stafford, Judith and Weinstock, Charles B and Wood, William},
	year={2002}
}

@ARTICLE{506460, 
	author={B. Boehm and H. In}, 
	journal={IEEE Software}, 
	title={Identifying quality-requirement conflicts}, 
	year={1996}, 
	volume={13}, 
	number={2}, 
	pages={25-35}, 
	doi={10.1109/52.506460}, 
	ISSN={0740-7459}, 
	month={March},}

@inproceedings{O'Brien:2007:QAS:1270235.1270300,
	author = {O'Brien, Liam and Merson, Paulo and Bass, Len},
	title = {Quality Attributes for Service-Oriented Architectures},
	booktitle = {Proceedings of the International Workshop on Systems Development in SOA Environments},
	series = {SDSOA '07},
	year = {2007},
	isbn = {0-7695-2960-7},
	pages = {3--},
	url = {http://dx.doi.org/10.1109/SDSOA.2007.10},
	doi = {10.1109/SDSOA.2007.10},
	acmid = {1270300},
	publisher = {IEEE Computer Society},
	address = {Washington, DC, USA},
} 
@article{len2003software,
	title={Software architecture in practice},
	author={Len, Bass and Paul, Clements and Rick, Kazman},
	journal={Boston, Massachusetts Addison},
	year={2003}
}
@inproceedings{wu2004safety,
	title={Safety tactics for software architecture design},
	author={Wu, Weihang and Kelly, Tim},
	booktitle={Computer Software and Applications Conference, 2004. COMPSAC 2004. Proceedings of the 28th Annual International},
	pages={368--375},
	year={2004},
	organization={IEEE}
}
@article{babar2006framework,
	title={A framework for supporting architecture knowledge and rationale management},
	author={Babar, Muhammad Ali and Gorton, Ian and Kitchenham, Barbara},
	journal={Rationale Management in Software Engineering},
	pages={237--254},
	year={2006},
	publisher={Springer Berlin Heidelberg}
}
@inproceedings{folmer2003scenario,
	title={Scenario-based Assessment of Software Architecture Usability.},
	author={Folmer, Eelke and van Gurp, Jilles and Bosch, Jan},
	booktitle={ICSE Workshop on SE-HCI},
	pages={61--68},
	year={2003}
}
@article{kruchten2006past,
	title={The past, present, and future for software architecture},
	author={Kruchten, Philippe and Obbink, Henk and Stafford, Judith},
	journal={IEEE software},
	volume={23},
	number={2},
	pages={22--30},
	year={2006},
	publisher={IEEE}
}
@article{perry1992foundations,
	title={Foundations for the study of software architecture},
	author={Perry, Dewayne E and Wolf, Alexander L},
	journal={ACM SIGSOFT Software engineering notes},
	volume={17},
	number={4},
	pages={40--52},
	year={1992},
	publisher={ACM}
}
@book{schmidt2013pattern,
	title={Pattern-Oriented Software Architecture, Patterns for Concurrent and Networked Objects},
	author={Schmidt, Douglas C and Stal, Michael and Rohnert, Hans and Buschmann, Frank},
	volume={2},
	year={2013},
	publisher={John Wiley \& Sons}
}
@article{harrison2010architecture,
	title={How do architecture patterns and tactics interact? A model and annotation},
	author={Harrison, Neil B and Avgeriou, Paris},
	journal={Journal of Systems and Software},
	volume={83},
	number={10},
	pages={1735--1758},
	year={2010},
	publisher={Elsevier}
}
@book{fielding2000architectural,
	title={Architectural styles and the design of network-based software architectures},
	author={Fielding, Roy T and Taylor, Richard N},
	year={2000},
	publisher={University of California, Irvine Doctoral dissertation}
}
@article{garlan2004rainbow,
  title={Rainbow: Architecture-based self-adaptation with reusable infrastructure},
  author={Garlan, David and Cheng, S-W and Huang, A-C and Schmerl, Bradley and Steenkiste, Peter},
  journal={Computer},
  volume={37},
  number={10},
  pages={46--54},
  year={2004},
  publisher={IEEE}
}
@article{france2006model,
	title={Model-driven development using UML 2.0: promises and pitfalls},
	author={France, Robert B and Ghosh, Sudipto and Dinh-Trong, Trung and Solberg, Arnor},
	journal={Computer},
	volume={39},
	number={2},
	pages={59--66},
	year={2006},
	publisher={IEEE}
}
@inproceedings{ho1999umlaut,
	title={UMLAUT: an extendible UML transformation framework},
	author={Ho, Wai Ming and J{\'e}z{\'e}quel, J-M and Le Guennec, Alain and Pennaneac'h, Fran{\c{c}}ois},
	booktitle={Automated Software Engineering, 1999. 14th IEEE International Conference on.},
	pages={275--278},
	year={1999},
	organization={IEEE}
}
@inproceedings{nordstrom1999metamodeling,
	title={Metamodeling-rapid design and evolution of domain-specific modeling environments},
	author={Nordstrom, Greg and Sztipanovits, Janos and Karsai, Gabor and Ledeczi, Akos},
	booktitle={Engineering of Computer-Based Systems, 1999. Proceedings. ECBS'99. IEEE Conference and Workshop on},
	pages={68--74},
	year={1999},
	organization={IEEE}
}
@article{rumpe2016modeling,
	title={Modeling with UML},
	author={Rumpe, Bernhard},
	journal={Language, Concepts, Methods. Springer International},
	volume={4},
	year={2016},
	publisher={Springer}
}
@misc{inc_2017,
	title={Choosing the Right Modeling Tool - Business Process Modeling Notation (BPMN)},
	url={https://www.nomagic.com/getting-started/choosing-the-right-modeling-tool},
	journal={Nomagic.com},
	author={Inc, No},
	year={2017}
}
@article{ehrig2009generating,
	title={Generating instance models from meta models},
	author={Ehrig, Karsten and K{\"u}ster, Jochen Malte and Taentzer, Gabriele},
	journal={Software and Systems Modeling},
	volume={8},
	number={4},
	pages={479--500},
	year={2009},
	publisher={Springer}
}
@inproceedings{simmonds2005tool,
	title={A tool for automatic UML model consistency checking},
	author={Simmonds, Jocelyn and Bastarrica, M Cecilia},
	booktitle={Proceedings of the 20th IEEE/ACM international Conference on Automated software engineering},
	pages={431--432},
	year={2005},
	organization={ACM}
}
@book{steinberg2008emf,
	title={EMF: eclipse modeling framework},
	author={Steinberg, Dave and Budinsky, Frank and Merks, Ed and Paternostro, Marcelo},
	year={2008},
	publisher={Pearson Education}
}
@article{shackel1991usability,
	title={Usability-context, framework, definition, design and evaluation},
	author={Shackel, Brian},
	journal={Human factors for informatics usability},
	pages={21--37},
	year={1991},
	publisher={Cambridge University Press Cambridge}
}
@misc{mohilo_2017,
	title={Eclipse Oxygen: A better workflow for editing in Sirius - JAXenter},
	url={https://jaxenter.com/eclipse-oxygen-sirius-interview-134128.html},
	journal={JAXenter},
	author={Mohilo, Dominik},
	year={2017}
}
@misc{mason1998method,
	title={Method for negotiating software compatibility},
	author={Mason, Donald and Criswell, Christopher A},
	year={1998},
	month=nov # "~10",
	publisher={Google Patents},
	note={US Patent 5,835,735}
}
@inproceedings{pelechano2006building,
	title={Building Tools for Model Driven Development. Comparing Microsoft DSL Tools and Eclipse Modeling Plug-ins.},
	author={Pelechano, Vicente and Albert, Manoli and Mu{\~n}oz, Javier and Cetina, Carlos},
	booktitle={DSDM},
	year={2006}
}
@article{brown2006rational,
	title={A Rational approach to model-driven development},
	author={Brown, Alan W and Iyengar, Sridhar and Johnston, Simon},
	journal={IBM Systems Journal},
	volume={45},
	number={3},
	pages={463--480},
	year={2006},
	publisher={IBM}
}
@inproceedings{samimi2014programming,
	title={Programming language criteria for model transformation evaluation},
	author={Samimi-Dehkordi, Leila and Khalilian, Alireza and Zamani, Bahman},
	booktitle={Computer and Knowledge Engineering (ICCKE), 2014 4th International eConference on},
	pages={370--375},
	year={2014},
	organization={IEEE}
}
@article{jouault2008atl,
	title={ATL: A model transformation tool},
	author={Jouault, Fr{\'e}d{\'e}ric and Allilaire, Freddy and B{\'e}zivin, Jean and Kurtev, Ivan},
	journal={Science of computer programming},
	volume={72},
	number={1},
	pages={31--39},
	year={2008},
	publisher={Elsevier}
}
@inproceedings{whittle2011model,
	title={Model driven engineering languages and systems},
	author={Whittle, Jon and Clark, Tony and K{\"u}hne, Thomas},
	booktitle={14th International Conference, MODELS},
	pages={16--21},
	year={2011},
	organization={Springer}
}
@inproceedings{schamai2009towards,
	title={Towards unified system modeling and simulation with ModelicaML: modeling of executable behavior using graphical notations},
	author={Schamai, Wladimir and Fritzson, Peter and Paredis, Chris and Pop, Adrian},
	booktitle={Proceedings of the 7th International Modelica Conference; Como; Italy; 20-22 September 2009},
	number={043},
	pages={612--621},
	year={2009},
	organization={Link{\"o}ping University Electronic Press}
}
@inproceedings{viyovic2014sirius,
	title={Sirius: A rapid development of DSM graphical editor},
	author={Viyovi{\'c}, Vladimir and Maksimovi{\'c}, Mirjam and Perisi{\'c}, Branko},
	booktitle={Intelligent Engineering Systems (INES), 2014 18th International Conference on},
	pages={233--238},
	year={2014},
	organization={IEEE}
}
@article{JOUAULT200831,
	title = "ATL: A model transformation tool",
	journal = "Science of Computer Programming",
	volume = "72",
	number = "1",
	pages = "31 - 39",
	year = "2008",
	note = "Special Issue on Second issue of experimental software and toolkits (EST)",
	issn = "0167-6423",
	doi = "https://doi.org/10.1016/j.scico.2007.08.002",
	url = "http://www.sciencedirect.com/science/article/pii/S0167642308000439",
	author = "FrÃ©dÃ©ric Jouault and Freddy Allilaire and Jean BÃ©zivin and Ivan Kurtev",
	keywords = "Model engineering, Model transformation, M2M (model-to-model transformation)"
}
@Inbook{Tang2009,
	author="Tang, Wei",
	editor="LIU, LING
	and {\"O}ZSU, M. TAMER",
	title="Meta Object Facility",
	bookTitle="Encyclopedia of Database Systems",
	year="2009",
	publisher="Springer US",
	address="Boston, MA",
	pages="1722--1723",
	isbn="978-0-387-39940-9",
	doi="10.1007/978-0-387-39940-9_914",
	url="https://doi.org/10.1007/978-0-387-39940-9_914"
}

@article{CHAN200855,
	title = "A review of smart homesâ€”Present state and future challenges",
	journal = "Computer Methods and Programs in Biomedicine",
	volume = "91",
	number = "1",
	pages = "55 - 81",
	year = "2008",
	issn = "0169-2607",
	doi = "https://doi.org/10.1016/j.cmpb.2008.02.001",
	url = "http://www.sciencedirect.com/science/article/pii/S0169260708000436",
	author = "Marie Chan and Daniel EstÃ¨ve and Christophe Escriba and Eric Campo",
	keywords = "Smart home, Elderly people"
}
@article{article,
	author = {Robles, Rosslin and Kim, Tai-hoon},
	year = {2010},
	month = {01},
	pages = {},
	title = {Applications, Systems and Methods in Smart Home Technology: A Review},
	volume = {15}
}
@article{kamilaris2015understanding,
	title={Understanding the activities and areas of concern of elderly population: The case of Singapore},
	author={Kamilaris, Andreas and Kondepudi, Sekhar and Danial, Noor},
	journal={Technology and Disability},
	volume={27},
	number={4},
	pages={141--153},
	year={2015},
	publisher={IOS Press}
}
@inproceedings{mainetti2015iot,
	title={An IoT-based user-centric ecosystem for heterogeneous Smart Home environments},
	author={Mainetti, Luca and Mighali, Vincenzo and Patrono, Luigi},
	booktitle={Communications (ICC), 2015 IEEE International Conference on},
	pages={704--709},
	year={2015},
	organization={IEEE}
}
@Article{s150407294,
	AUTHOR = {Vega-Barbas, Mario and Pau, IvÃ¡n and MartÃ­n-Ruiz, MarÃ­a Luisa and Seoane, Fernando},
	TITLE = {Adaptive Software Architecture Based on Confident HCI for the Deployment of Sensitive Services in Smart Homes},
	JOURNAL = {Sensors},
	VOLUME = {15},
	YEAR = {2015},
	NUMBER = {4},
	PAGES = {7294--7322},
	URL = {http://www.mdpi.com/1424-8220/15/4/7294},
	PubMedID = {25815449},
	ISSN = {1424-8220},
	DOI = {10.3390/s150407294}
}
@article{Perumal,
	author = {Perumal, Thinagaran and Ramli, Abdul and Leong, Chui and Mansor, Shattri and Samsudin, Khairulmizam},
	year = {2008},
	month = {11},
	pages = {},
	title = {Interoperability for Smart Home Environment Using Web Services},
	volume = {2},
	booktitle = {International Journal of Smart Home}
}
@misc{rouse_2005,
	title={What is heterogeneous? - Definition from WhatIs.com},
	url={http://whatis.techtarget.com/definition/heterogeneous},
	journal={WhatIs.com},
	author={Rouse, Margaret},
	year={2005}
}
@article{ALAA201748,
	title = "A review of smart home applications based on Internet of Things",
	journal = "Journal of Network and Computer Applications",
	volume = "97",
	number = "Supplement C",
	pages = "48 - 65",
	year = "2017",
	issn = "1084-8045",
	doi = "https://doi.org/10.1016/j.jnca.2017.08.017",
	url = "http://www.sciencedirect.com/science/article/pii/S1084804517302801",
	author = "Mussab Alaa and A.A. Zaidan and B.B. Zaidan and Mohammed Talal and M.L.M. Kiah",
	keywords = "Smart home application, Remote home, Intelligent home, Home automation system, Automated home, Internet of Things (IoT)"
}
@article{kitchenham2009systematic,
	title={Systematic literature reviews in software engineering--a systematic literature review},
	author={Kitchenham, Barbara and Brereton, O Pearl and Budgen, David and Turner, Mark and Bailey, John and Linkman, Stephen},
	journal={Information and software technology},
	volume={51},
	number={1},
	pages={7--15},
	year={2009},
	publisher={Elsevier}
}
	
	@article{han2010design,
	title={Design and implementation of smart home energy management systems based on zigbee},
	author={Han, Dae-Man and Lim, Jae-Hyun},
	journal={IEEE Transactions on Consumer Electronics},
	volume={56},
	number={3},
	year={2010},
	publisher={IEEE}
}
	@article{lilis2017towards,
	title={Towards the next generation of intelligent building: An assessment study of current automation and future IoT based systems with a proposal for transitional design},
	author={Lilis, Georgios and Conus, Gilbert and Asadi, Nastaran and Kayal, Maher},
	journal={Sustainable Cities and Society},
	volume={28},
	pages={473--481},
	year={2017},
	publisher={Elsevier}
	
}
@article{brereton2007lessons,
title={Lessons from applying the systematic literature review process within the software engineering domain},
author={Brereton, Pearl and Kitchenham, Barbara A and Budgen, David and Turner, Mark and Khalil, Mohamed},
journal={Journal of systems and software},
volume={80},
number={4},
pages={571--583},
year={2007},
publisher={Elsevier}
}

@article{connolly2012systematic,
title={A systematic literature review of empirical evidence on computer games and serious games},
author={Connolly, Thomas M and Boyle, Elizabeth A and MacArthur, Ewan and Hainey, Thomas and Boyle, James M},
journal={Computers \& Education},
volume={59},
number={2},
pages={661--686},
year={2012},
publisher={Elsevier}
}
@article{mallett2012benefits,
title={The benefits and challenges of using systematic reviews in international development research},
author={Mallett, Richard and Hagen-Zanker, Jessica and Slater, Rachel and Duvendack, Maren},
journal={Journal of development effectiveness},
volume={4},
number={3},
pages={445--455},
year={2012},
publisher={Taylor \& Francis}
}

@article{jung2017hybrid,
title={Hybrid-Aware Model for Senior Wellness Service in Smart Home},
author={Jung, Yuchae},
journal={Sensors},
volume={17},
number={5},
pages={1182},
year={2017},
publisher={Multidisciplinary Digital Publishing Institute}
}

@inproceedings{opdenakker2006advantages,
  title={Advantages and disadvantages of four interview techniques in qualitative research},
  author={Opdenakker, Raymond},
  booktitle={Forum Qualitative Sozialforschung/Forum: Qualitative Social Research},
  volume={7},
  number={4},
  year={2006}
}
@inproceedings{vogel2005automatic,
  title={Automatic code generation from a UML model to IEC 61131-3 and system configuration tools},
  author={Vogel-Heuser, Birgit and Witsch, Daniel and Katzke, Uwe},
  booktitle={Control and Automation, 2005. ICCA'05. International Conference on},
  volume={2},
  pages={1034--1039},
  year={2005},
  organization={IEEE}
}
@misc{marketsandmarkets_2017,
 title={Smart Home Market by Product (Lighting Control, Security \& Access Control, HVAC, Entertainment \& Other Control, Home Healthcare, Smart Kitchen, and Home Appliances), Software \& Service (Behavioral, Proactive), and Geography - Global Forecast to 2023},
 journal={marketsandmarkets.com},
 author={MarketsAndMarkets},
 year={2017}
}
 @misc{shields_2017,
 title={THE US SMART HOME MARKET REPORT: Systems, apps, and devices leading to home automation},
 url={http://www.businessinsider.com/the-us-smart-home-market-report-systems-apps-and-devices-leading-to-home-automation-2017-4/?r=AU&IR=T},
 journal={Business Insider},
 author={Shields, Nicholas},
 year={2017}
 }
 
 @inproceedings{logan2007market,
 title={The market for smart growth},
 author={Logan, Gregg and Siejka, Stephanie and Kannan, Shyam and Lesser, Robert Charles},
 booktitle={US EPA High-Production Builder Conference, Robert Charles Lesser \& Co., LLP},
 year={2007}
 }
 @article{sangiovanni2001platform,
title={Platform-based design and software design methodology for embedded systems},
author={Sangiovanni-Vincentelli, Alberto and Martin, Grant},
journal={IEEE Design \& Test of Computers},
volume={18},
number={6},
pages={23--33},
year={2001},
publisher={IEEE}
}
@techreport{wojcik2006attribute,
title={Attribute-driven design (ADD), version 2.0},
author={Wojcik, Rob and Bachmann, Felix and Bass, Len and Clements, Paul and Merson, Paulo and Nord, Robert and Wood, Bill},
year={2006},
institution={CARNEGIE-MELLON UNIV PITTSBURGH PA SOFTWARE ENGINEERING INST}
}

@article{mohagheghi2010approach,
title={An approach for empirical evaluation of model-driven engineering in multiple dimensions},
author={Mohagheghi, Parastoo},
year={2010}
}
@article{johnson2005j2ee,
  title={J2EE development frameworks},
  author={Johnson, Rod},
  journal={Computer},
  volume={38},
  number={1},
  pages={107--110},
  year={2005},
  publisher={IEEE}
}

@phdthesis{perera2018thesis,
  title={Automatic Conversion of Activity Diagrams into Flexible Smart-home apps},
  author={Nipuni Perera},
  year={2018},
  school={Auckland University of Technology}
}

@article{bandor2006quantitative,
  title={Quantitative methods for software selection and evaluation},
  author={Bandor, Michael S},
  year={2006}
}
@article{brat2004experimental,
  title={Experimental evaluation of verification and validation tools on martian rover software},
  author={Brat, Guillaume and Drusinsky, Doron and Giannakopoulou, Dimitra and Goldberg, Allen and Havelund, Klaus and Lowry, Mike and Pasareanu, Corina and Venet, Arnaud and Visser, Willem and Washington, Rich},
  journal={Formal Methods in System Design},
  volume={25},
  number={2-3},
  pages={167--198},
  year={2004},
  publisher={Springer}
}
@misc{architect2010sparx,
  title={Sparx systems},
  author={Architect, Enterprise},
  year={2010},
  publisher={Inc}
}
